@Article{MR-GB:11,
  author = 	 {Antonio  Bicchi},
  title = 	 {Fondamenti  di  Automatica  -  IV.  Versione},
  year = 	 {2013}
}

@Article{MR-GB:22,
  author = 	 {Julien Tharin K-Team},
  title = 	 {K-Junior smart evo - User Manual version 1.0},
  year = 	 {2013}
}

@Article{MR-GB:33,
  author = 	 {Riccardo Falconi and Claudio Melchiorri},
  title = 	 {Corso di Robotica Industriale M},
  year = 	 {2010}
}

@Article{MR-GB:44,
  author = 	 {Frederic Lambercy K-Team S.A.},
  title = 	 {K-Junior v2 - User Manual version 1.2},
  year = 	 {2012}
}

@Article{MR-GB:55,
  author = 	 {Francesco Bullo, Jorge Cortes, Sonia Martinez},
  title = 	 {Distributed Control of Robotic Networks - A Mathematical Approach to Motion Coordination Algorithms},
  year = 	 {2008}
}